@article{ExampleArticle,
  author   = "Example Author",
  title    = "Example title",
  journal  = "Example Journal",
  year     = 2022,
  volume   = "1",
  number   = "1",
  pages    = "1--1",
}